@article{Reference1,
	Author = {Sarah H. Kamal. Hanan H. Elazhary. Ehab E. Hassanein},
	Journal = {(IJACSA) International Journal of Advanced Computer Science and Applications,},
	Month = {February},
	Number = {2},
	Numpages = {9},
	Title = {A Qualitative Comparison of NoSQL Data Stores},
	Volume = {10},
	Url = {https://thesai.org/Downloads/Volume10No2/Paper_44-A_Qualitative_Comparison_of_NoSQL_Data.pdf},
	Year = {1998}}

@article{Reference2,
	Author = {Ross Farrugia},
	Keywords = {module},
	Month = {January},
	Number = {1},
	Numpages = {6},
	Pages = {1--6},
	Title = {Modular Programming - Some Lessons Learned and Benefits Gained},
	Url = {https://www.phusewiki.org/docs/2011%20Papers/RG01%20paper.pdf},
	Year = {2011}}

@article{Reference3,
	Title = {Firebase Realtime Database},
	Url = {https://firebase.google.com/docs/database},
	Year = {2019}}
